<record><leader>00000cas a22000007a 4500</leader><controlfield tag="001">12006457</controlfield><controlfield tag="008">850507d18931916iauwr ne      0    0eng d</controlfield><datafield ind1=" " ind2=" " tag="010"><subfield code="a">sn 85049594 </subfield></datafield><datafield ind1=" " ind2=" " tag="040"><subfield code="a">INP</subfield><subfield code="b">eng</subfield><subfield code="c">INP</subfield><subfield code="d">OCLCQ</subfield></datafield><datafield ind1=" " ind2=" " tag="042"><subfield code="a">msc</subfield></datafield><datafield ind1="0" ind2="0" tag="245"><subfield code="a">Ackley world.</subfield></datafield><datafield ind1=" " ind2=" " tag="260"><subfield code="a">[Ackley, Iowa] :</subfield><subfield code="b">W.F. Jacob,</subfield><subfield code="c">-1916.</subfield></datafield><datafield ind1=" " ind2=" " tag="300"><subfield code="a">v. :</subfield><subfield code="b">ill. ;</subfield><subfield code="c">56 cm.</subfield></datafield><datafield ind1=" " ind2=" " tag="310"><subfield code="a">Weekly</subfield></datafield><datafield ind1="1" ind2=" " tag="362"><subfield code="a">Began Jan. 27, 1893.</subfield><subfield code="z">Cf. Ackley world-journal, Jan. 18, 1917.</subfield></datafield><datafield ind1="0" ind2=" " tag="362"><subfield code="a">-v. 23, no. 48 (Dec. 20, 1916).</subfield></datafield><datafield ind1=" " ind2=" " tag="515"><subfield code="a">Issues for &lt;v. 3, no. 21 (June 28, 1895)&gt;-v. 23, no. 48 (Dec. 20, 1916) called also whole no. &lt;127&gt;-whole no. 1121.</subfield></datafield><datafield ind1=" " ind2=" " tag="588"><subfield code="a">Description based on: Vol. 1, no. 20 (June 9, 1893).</subfield></datafield><datafield ind1=" " ind2=" " tag="752"><subfield code="a">United States</subfield><subfield code="b">Iowa</subfield><subfield code="c">Hardin</subfield><subfield code="d">Ackley.</subfield></datafield><datafield ind1="0" ind2="7" tag="785"><subfield code="t">Inter-county journal</subfield><subfield code="w">(DLC)sn 85049593</subfield></datafield><datafield ind1="0" ind2="7" tag="785"><subfield code="t">Ackley world-journal</subfield><subfield code="w">(DLC)sn 85049591</subfield></datafield></record>